@article {BM_MTWS,
	author = {J.S. Birman and W. W. Menasco},
	title = {Stabilization in the braid group {I}: {M}{T}{W}{S}},
	journal = {Geom. Topol.},
	volume = {10},
	year = {2006},
	pages = {413--540},
}
@article {BZ,
   author = {Boileau, M. and Zieschang, H.},
   affiliation = {Universite de Geneve Section de Mathématiques 2-4, rue du Lièvre Case Postale 240 CH-1211 Geneve 24},
   title = {Nombre de ponts et g\'en\'erateurs m\'eridiens des entrelacs de {M}ontesinos},
   journal = {Commentarii Mathematici Helvetici},
   publisher = {Birkhäuser Basel},
   issn = {0010-2571},
   keyword = {Mathematics and Statistics},
   pages = {270-279},
   volume = {60},
   issue = {1},
   url = {http://dx.doi.org/10.1007/BF02567413},
   note = {10.1007/BF02567413},
   year = {1985}
}
@article {Cor13b,
	author = {C. Cornwell},
	title = {Knot contact homology and representations of knot groups},
	journal = {J. Topology (to appear)},
	year = {2014},
	note = {arXiv: 1303.4943},
}
@unpublished {Cor13a,
	author = {C. Cornwell},
	title = {{K}{C}{H} representations, augmentations, and ${A}$-polynomials},
	year = {2014},
	note = {arXiv: 1310.7526},
}
@article {DP12,
	author = {I. Dynnikov and M. Prasolov},
	title = {Bypasses for rectangular diagrams. {P}roof of {J}ones' conjecture and related questions},
	journal = {Proc. Moscow Math. Soc.},
	volume = {74},
	number = {1},
	year = {2013},
	pages = {115{--}173},
}
@article {EENS12,
author = {T. Ekholm and J. Etnyre and L. Ng and M. Sullivan},
title = {Knot contact homology},
journal = {Geom. Topol.},
year ={2013},
volume = {17}, 
pages = {975--1112},
}
@incollection {Kir95,
    author = {Kirby, R.},
    title = {Problems in low dimensional topology},
    booktitle = {Geometric Topology},
    year = {1997},
    pages = {35--473},
    publisher = {Amer. Math. Soc., Providence, RI},
}
@article {LM12,
	author = {D.J. LaFountain and W.W. Menasco},
	title = {Embedded annuli and {J}ones' {C}onjecture},
	journal = {Alg. Geom. Topol. (to appear)},
	year = {2013},
	note = {arXiv: 1302.1247},
}
@article {MN,
	author = {A.V. Malyutin and N.Y. Netsvetaev},
	title = {Dehornoy's ordering on the braid group and braid moves},
	journal = {St. Petersburg Math. J.},
	volume = {15},
	number = {3},
	year = {2004},
	pages = {437--448},
}
@article {Ng05,
	author = {L. Ng},
	title = {Knot and braid invariants from contact homology {I}},
	year = {2005},
	journal = {Geom. Topol.},
	volume ={9},
	pages = {247--297},
}
@article {Ng05b,
	author = {L. Ng},
	title = {Knot and braid invariants from contact homology {II}},
	year = {2005},
	journal = {Geom. Topol.},
	volume ={9},
	pages = {1603--1637},
}
@article {Ng08,
	author = {L. Ng},
	title = {Framed knot contact homology},
	year = {2008},
	journal = {Duke Math. J.},
	volume = {141},
	number = {2},
	pages = {365--406},
}
@incollection {Ng12,
	year={2014},
	booktitle={Contact and Symplectic Topology},
	volume={26},
	series={Bolyai Society Mathematical Studies},
	title={A Topological Introduction to Knot Contact Homology},
	publisher={Springer International Publishing},
	author={Ng, L.},
	pages={485-530},
}
@article {RZ,
    AUTHOR = {Rost, M. and Zieschang, H.},
     TITLE = {Meridional generators and plat presentations of torus links},
   JOURNAL = {J. London Math. Soc. (2)},
  FJOURNAL = {Journal of the London Mathematical Society. Second Series},
    VOLUME = {35},
      YEAR = {1987},
    NUMBER = {3},
     PAGES = {551--562},
      ISSN = {0024-6107},
     CODEN = {JLMSAK},
   MRCLASS = {57M25},
  MRNUMBER = {889376 (88e:57010)},
MRREVIEWER = {Masayuki Yamasaki},
       DOI = {10.1112/jlms/s2-35.3.551},
       URL = {http://dx.doi.org/10.1112/jlms/s2-35.3.551},
}
@article {Schub,
	author = {H. Schubert},
	title = {\"{U}ber eine numerische {K}noteninvariante},
	journal = {Math. Z.},
	fjournal = {Mathematische Zeitschrift},
	volume = {61},
	number = {1},
	year = {1954},
	pages = {245--288},
}
@article {Schul,
	author = {J. Schultens},
	title = {Additivity of bridge numbers of knots},
	journal = {Math. Proc. Cambridge Philos.},
	volume = {135},
	year = {2003},
	pages = {539--544},
}
@article {SW,
	author = {D.S. Silver and W. Whitten},
	title = {Knot group epimorphisms},
	journal = {J. Knot Theory Ramifications},
	volume = {15},
	number = {2},
	pages = {153-166},
	year = {2006},
	doi = {10.1142/S0218216506004373},
}

@unpublished {CH,
	author = {Christopher Cornwell and David Hemminger},
	title = {Augmentation Rank of Satellites with Braid Pattern},
	year = {2014},
	note = {arXiv:1408.4110},
}